@article{sigma2_paper,
  doi = {10.1038/s41586-021-04175-x},
  url = {https://doi.org/10.1038/s41586-021-04175-x},
  year = {2021},
  month = dec,
  publisher = {Springer Science and Business Media {LLC}},
  volume = {600},
  number = {7890},
  pages = {759--764},
  author = {Assaf Alon and Jiankun Lyu and Joao M. Braz and Tia A. Tummino and Veronica Craik and Matthew J. O'Meara and Chase M. Webb and Dmytro S. Radchenko and Yurii S. Moroz and Xi-Ping Huang and Yongfeng Liu and Bryan L. Roth and John J. Irwin and Allan I. Basbaum and Brian K. Shoichet and Andrew C. Kruse},
  title = {Structures of the $\upsigma$2 receptor enable docking for bioactive ligand discovery},
  journal = {Nature}
}

@article{melatonin_paper,
  doi = {10.1038/s41586-020-2027-0},
  url = {https://doi.org/10.1038/s41586-020-2027-0},
  year = {2020},
  month = feb,
  publisher = {Springer Science and Business Media {LLC}},
  volume = {579},
  number = {7800},
  pages = {609--614},
  author = {Reed M. Stein and Hye Jin Kang and John D. McCorvy and Grant C. Glatfelter and Anthony J. Jones and Tao Che and Samuel Slocum and Xi-Ping Huang and Olena Savych and Yurii S. Moroz and Benjamin Stauch and Linda C. Johansson and Vadim Cherezov and Terry Kenakin and John J. Irwin and Brian K. Shoichet and Bryan L. Roth and Margarita L. Dubocovich},
  title = {Virtual discovery of melatonin receptor ligands to modulate circadian rhythms},
  journal = {Nature}
}

@article{ultralarge_docking_first,
  doi = {10.1038/s41586-019-0917-9},
  url = {https://doi.org/10.1038/s41586-019-0917-9},
  year = {2019},
  month = feb,
  publisher = {Springer Science and Business Media {LLC}},
  volume = {566},
  number = {7743},
  pages = {224--229},
  author = {Jiankun Lyu and Sheng Wang and Trent E. Balius and Isha Singh and Anat Levit and Yurii S. Moroz and Matthew J. O'Meara and Tao Che and Enkhjargal Algaa and Kateryna Tolmachova and Andrey A. Tolmachev and Brian K. Shoichet and Bryan L. Roth and John J. Irwin},
  title = {Ultra-large library docking for discovering new chemotypes},
  journal = {Nature}
}

@article{Graff2021AcceleratingLearning,
    title = {{Accelerating high-throughput virtual screening through molecular pool-based active learning}},
    year = {2021},
    journal = {Chemical Science},
    author = {Graff, David E. and Shakhnovich, Eugene I. and Coley, Connor W.},
    number = {22},
    pages = {7866--7881},
    volume = {12},
    doi = {10.1039/d0sc06805e},
    issn = {2041-6520},
    arxivId = {2012.07127}
}

@article{autoencoders_guided_learning,
    title = {{Combining variational autoencoder representations with structural descriptors improves prediction of docking scores}},
    year = {2020},
    journal = {Machine Learning for Molecules Workshop at NeurIPS 2020},
    author = {Garcia-Ortegon, Miguel and Bender, Andreas and Rasmussen, Carl E and Kajino, Hiroshi and Bacallado, Sergio},
    number = {i},
    pages = {1--8},
    url = {https://ml4molecules.github.io}
}

@article{deepdocking,
    title = {{Deep Docking: A Deep Learning Platform for Augmentation of Structure Based Drug Discovery}},
    year = {2020},
    journal = {ACS Central Science},
    author = {Gentile, Francesco and Agrawal, Vibudh and Hsing, Michael and Ton, Anh Tien and Ban, Fuqiang and Norinder, Ulf and Gleave, Martin E. and Cherkasov, Artem},
    number = {6},
    pages = {939--949},
    volume = {6},
    doi = {10.1021/acscentsci.0c00229},
    issn = {23747951}
}

@article{leandocking,
    title = {{Lean-Docking: Exploiting Ligands' Predicted Docking Scores to Accelerate Molecular Docking}},
    year = {2021},
    journal = {Journal of Chemical Information and Modeling},
    author = {Berenger, Francois and Kumar, Ashutosh and Zhang, Kam Y.J. and Yamanishi, Yoshihiro},
    number = {Dd},
    doi = {10.1021/acs.jcim.0c01452},
    issn = {15205142},
    pmid = {33861591}
}

@techreport{logistic_regression,
    title = {{State of the art iterative docking with logistic regression and Morgan fingerprints}},
    year = {2021},
    author = {Martin, Lewis J},
    url = {https://chemrxiv.org/articles/preprint/State_of_the_Art_Iterative_Docking_with_Logistic_Regression_and_Morgan_Fingerprints/14348117},
    institution = {The University of Sydney, Brain and Mind Centre, The Lambert Initiative for Cannabinoid Therapeutics},
    address = {Sydney, NSW, Australia},
    doi = {https://doi.org/10.26434/chemrxiv.14348117.v1}
}

@article{Jensen2019,
  doi = {10.1039/c8sc05372c},
  url = {https://doi.org/10.1039/c8sc05372c},
  year = {2019},
  publisher = {Royal Society of Chemistry ({RSC})},
  volume = {10},
  number = {12},
  pages = {3567--3572},
  author = {Jan H. Jensen},
  title = {A graph-based genetic algorithm and generative model/Monte Carlo tree search for the exploration of chemical space},
  journal = {Chemical Science}
}

@article{Steinmann2021,
  doi = {10.7717/peerj-pchem.18},
  url = {https://doi.org/10.7717/peerj-pchem.18},
  year = {2021},
  month = may,
  publisher = {{PeerJ}},
  volume = {3},
  pages = {e18},
  author = {Casper Steinmann and Jan H. Jensen},
  title = {Using a genetic algorithm to find molecules with good docking scores},
  journal = {{PeerJ} Physical Chemistry}
}

@article{Ree2021,
  doi = {10.1063/5.0063694},
  url = {https://doi.org/10.1063/5.0063694},
  year = {2021},
  month = nov,
  publisher = {{AIP} Publishing},
  volume = {155},
  number = {18},
  pages = {184105},
  author = {Nicolai Ree and Mads Koerstz and Kurt V. Mikkelsen and Jan H. Jensen},
  title = {Virtual screening of norbornadiene-based molecular solar thermal energy storage systems using a genetic algorithm},
  journal = {The Journal of Chemical Physics}
}

@article{Yang2021_shoichet_active_learning,
  doi = {10.1021/acs.jctc.1c00810},
  url = {https://doi.org/10.1021/acs.jctc.1c00810},
  year = {2021},
  month = sep,
  publisher = {American Chemical Society ({ACS})},
  volume = {17},
  number = {11},
  pages = {7106--7119},
  author = {Ying Yang and Kun Yao and Matthew P. Repasky and Karl Leswing and Robert Abel and Brian K. Shoichet and Steven V. Jerome},
  title = {Efficient Exploration of Chemical Space with Docking and Deep Learning},
  journal = {Journal of Chemical Theory and Computation}
}

@article{Sadybekov2021_vsynthes,
  doi = {10.1038/s41586-021-04220-9},
  url = {https://doi.org/10.1038/s41586-021-04220-9},
  year = {2021},
  month = dec,
  publisher = {Springer Science and Business Media {LLC}},
  volume = {601},
  number = {7893},
  pages = {452--459},
  author = {Arman A. Sadybekov and Anastasiia V. Sadybekov and Yongfeng Liu and Christos Iliopoulos-Tsoutsouvas and Xi-Ping Huang and Julie Pickett and Blake Houser and Nilkanth Patel and Ngan K. Tran and Fei Tong and Nikolai Zvonok and Manish K. Jain and Olena Savych and Dmytro S. Radchenko and Spyros P. Nikas and Nicos A. Petasis and Yurii S. Moroz and Bryan L. Roth and Alexandros Makriyannis and Vsevolod Katritch},
  title = {Synthon-based ligand discovery in virtual libraries of over 11 billion compounds},
  journal = {Nature}
}

% Margarita's diploma references
% @article{Graff2021AcceleratingLearning,
%     title = {{Accelerating high-throughput virtual screening through molecular pool-based active learning}},
%     year = {2021},
%     journal = {Chemical Science},
%     author = {Graff, David E. and Shakhnovich, Eugene I. and Coley, Connor W.},
%     number = {22},
%     pages = {7866--7881},
%     volume = {12},
%     doi = {10.1039/d0sc06805e},
%     issn = {2041-6520},
%     arxivId = {2012.07127}
% }

% @misc{Gilson2010AnUsers,
%     title = {{An Introduction to Protein-Ligand Binding for BindingDB Users}},
%     year = {2010},
%     author = {Gilson, Michael K},
%     pages = {1--12}
% }

% @article{Gorgulla2020AnScreens,
%     title = {{An open-source drug discovery platform enables ultra-large virtual screens}},
%     year = {2020},
%     journal = {Nature},
%     author = {Gorgulla, Christoph and Boeszoermenyi, Andras and Wang, Zi Fu and Fischer, Patrick D. and Coote, Paul W. and Padmanabha Das, Krishna M. and Malets, Yehor S. and Radchenko, Dmytro S. and Moroz, Yurii S. and Scott, David A. and Fackeldey, Konstantin and Hoffmann, Moritz and Iavniuk, Iryna and Wagner, Gerhard and Arthanari, Haribabu},
%     number = {7805},
%     pages = {663--668},
%     volume = {580},
%     doi = {10.1038/s41586-020-2117-z},
%     issn = {14764687},
%     pmid = {32152607}
% }

% @article{Li2019AnDocking,
%     title = {{An Overview of Scoring Functions Used for Protein–Ligand Interactions in Molecular Docking}},
%     year = {2019},
%     journal = {Interdisciplinary Sciences: Computational Life Sciences},
%     author = {Li, Jin and Fu, Ailing and Zhang, Le},
%     number = {2},
%     pages = {320--328},
%     volume = {11},
%     publisher = {Springer Berlin Heidelberg},
%     url = {http://dx.doi.org/10.1007/s12539-019-00327-w},
%     isbn = {0123456789},
%     doi = {10.1007/s12539-019-00327-w},
%     issn = {18671462},
%     pmid = {30877639},
%     keywords = {Binding affinity, Ligand pose, Molecular docking, Protein–ligand interaction, Scoring function}
% }

% @article{Vamathevan2019ApplicationsDevelopment,
%     title = {{Applications of machine learning in drug discovery and development}},
%     year = {2019},
%     journal = {Nature Reviews Drug Discovery},
%     author = {Vamathevan, Jessica and Clark, Dominic and Czodrowski, Paul and Dunham, Ian and Ferran, Edgardo and Lee, George and Li, Bin and Madabhushi, Anant and Shah, Parantu and Spitzer, Michaela and Zhao, Shanrong},
%     number = {6},
%     pages = {463--477},
%     volume = {18},
%     publisher = {Springer US},
%     url = {http://dx.doi.org/10.1038/s41573-019-0024-5},
%     isbn = {4157301900},
%     doi = {10.1038/s41573-019-0024-5},
%     issn = {14741784},
%     pmid = {30976107}
% }

% @article{Smith1985AtomApplications,
%     title = {{Atom Pairs as Molecular Features in Structure-Activity Studies: Definition and Applications}},
%     year = {1985},
%     journal = {Journal of Chemical Information and Computer Sciences},
%     author = {Smith, Dennis H. and Carhart, Raymond E. and Venkataraghavan, R.},
%     number = {2},
%     pages = {64--73},
%     volume = {25},
%     doi = {10.1021/ci00046a002},
%     issn = {00952338}
% }

% @book{Blass2015BasicDevelopment,
%     title = {{Basic Principles of Drug Discovery and Development}},
%     year = {2015},
%     booktitle = {Basic Principles of Drug Discovery and Development},
%     author = {Blass, Benjamin E.},
%     pages = {1--574},
%     isbn = {9780124115255},
%     doi = {10.1016/C2012-0-06670-7}
% }

% @article{Gilson2007CalculationAffinities,
%     title = {{Calculation of protein-ligand binding affinities}},
%     year = {2007},
%     journal = {Annual Review of Biophysics and Biomolecular Structure},
%     author = {Gilson, Michael K. and Zhou, Huan Xiang},
%     pages = {21--42},
%     volume = {36},
%     doi = {10.1146/annurev.biophys.36.040306.132550},
%     issn = {10568700},
%     pmid = {17201676},
%     keywords = {Computation, Drug-design, Entropy, Free energy, Modeling}
% }

% @incollection{Atkinson2009CHAPTERPHARMACOKINETICS,
%     title = {{CHAPTER 13 - PHARMACOKINETICS}},
%     year = {2009},
%     booktitle = {Pharmacology and Therapeutics},
%     author = {Atkinson, Arthur J.},
%     pages = {193--202},
%     isbn = {9781416032915},
%     doi = {https://doi.org/10.1016/B978-1-4160-3291-5.50017-2}
% }

% @article{Liu2015ClassificationFunctions,
%     title = {{Classification of current scoring functions}},
%     year = {2015},
%     journal = {Journal of Chemical Information and Modeling},
%     author = {Liu, Jie and Wang, Renxiao},
%     number = {3},
%     pages = {475--482},
%     volume = {55},
%     doi = {10.1021/ci500731a},
%     issn = {15205142},
%     pmid = {25647463}
% }

% @article{Morrone2020CombiningApproach,
%     title = {{Combining docking pose rank and structure with deep learning improves protein−ligand binding mode prediction over a baseline docking approach}},
%     year = {2020},
%     journal = {Journal of Chemical Information and Modeling},
%     author = {Morrone, Joseph A. and Weber, Jeffrey K. and Huynh, Tien and Luo, Heng and Cornell, Wendy D.},
%     number = {9},
%     pages = {4170--4179},
%     volume = {60},
%     doi = {10.1021/acs.jcim.9b00927},
%     issn = {15205142},
%     pmid = {32077698}
% }

% @article{Garcia-Ortegon2020CombiningScores,
%     title = {{Combining variational autoencoder representations with structural descriptors improves prediction of docking scores}},
%     year = {2020},
%     journal = {Machine Learning for Molecules Workshop at NeurIPS 2020},
%     author = {Garcia-Ortegon, Miguel and Bender, Andreas and Rasmussen, Carl E and Kajino, Hiroshi and Bacallado, Sergio},
%     number = {i},
%     pages = {1--8},
%     url = {https://ml4molecules.github.io}
% }

% @article{Sahigara2012ComparisonModels,
%     title = {{Comparison of different approaches to define the applicability domain of QSAR models}},
%     year = {2012},
%     journal = {Molecules},
%     author = {Sahigara, Faizan and Mansouri, Kamel and Ballabio, Davide and Mauri, Andrea and Consonni, Viviana and Todeschini, Roberto},
%     number = {5},
%     pages = {4791--4810},
%     volume = {17},
%     doi = {10.3390/molecules17054791},
%     issn = {14203049},
%     pmid = {22534664},
%     keywords = {Applicability Domain, Interpolation space, Model validation, QSAR}
% }

% @article{Alon2021CrystalThe,
%     title = {{Crystal structures of the}},
%     year = {2021},
%     author = {Alon, Assaf and Lyu, Jiankun and Braz, Joao M and Tummino, Tia A and Craik, Veronica and Matthew, J and Webb, Chase M and Radchenko, Dmytro S and Moroz, Yurii S and Huang, Xi-ping and Liu, Yongfeng and Roth, Bryan L and Irwin, John J and Basbaum, Allan I and Shoichet, Brian K and Kruse, Andrew C and Francisco, San and Francisco, San and Francisco, San and Francisco, San and Arbor, Ann and Hill, Chapel and Hill, Chapel and Hill, Chapel},
%     pages = {1--43}
% }

% @article{Gentile2020DeepDiscovery,
%     title = {{Deep Docking: A Deep Learning Platform for Augmentation of Structure Based Drug Discovery}},
%     year = {2020},
%     journal = {ACS Central Science},
%     author = {Gentile, Francesco and Agrawal, Vibudh and Hsing, Michael and Ton, Anh Tien and Ban, Fuqiang and Norinder, Ulf and Gleave, Martin E. and Cherkasov, Artem},
%     number = {6},
%     pages = {939--949},
%     volume = {6},
%     doi = {10.1021/acscentsci.0c00229},
%     issn = {23747951}
% }

% @article{Yang2021EfficientDeep-Learning,
%     title = {{Efficient Exploration of Chemical Space with Docking and Deep-Learning}},
%     year = {2021},
%     journal = {ChemRxiv},
%     author = {Yang, Ying and Yao, Kun and Repasky, Matthew and Leswing, Karl and Abel, Robert and Shoichet, Brian and Jerome, V},
%     number = {2},
%     pages = {1--39},
%     doi = {10.26434/chemrxiv.14153819.v1}
% }

% @article{Ahmed2018EfficientPrediction,
%     title = {{Efficient iterative virtual screening with Apache Spark and conformal prediction}},
%     year = {2018},
%     journal = {Journal of Cheminformatics},
%     author = {Ahmed, Laeeq and Georgiev, Valentin and Capuccini, Marco and Toor, Salman and Schaal, Wesley and Laure, Erwin and Spjuth, Ola},
%     number = {1},
%     pages = {4--11},
%     volume = {10},
%     publisher = {Springer International Publishing},
%     url = {https://doi.org/10.1186/s13321-018-0265-z},
%     doi = {10.1186/s13321-018-0265-z},
%     issn = {17582946},
%     keywords = {Apache Spark, Cloud computing, Conformal prediction, Docking, Virtual screening}
% }

% @article{Jastrzebski2020EmulatingScreening,
%     title = {{Emulating docking results using a deep neural network: A new perspective for virtual screening}},
%     year = {2020},
%     journal = {Journal of Chemical Information and Modeling},
%     author = {Jastrz{\c{e}}bski, Stanisław and Szymczak, Maciej and Pocha, Agnieszka and Mordalski, Stefan and Tabor, Jacek and Bojarski, Andrzej J. and Podlewska, Sabina},
%     number = {9},
%     pages = {4246--4262},
%     volume = {60},
%     doi = {10.1021/acs.jcim.9b01202},
%     issn = {15205142},
%     pmid = {32865414}
% }

% @article{Truchon2007EvaluatingProblem,
%     title = {{Evaluating virtual screening methods: Good and bad metrics for the "early recognition" problem}},
%     year = {2007},
%     journal = {Journal of Chemical Information and Modeling},
%     author = {Truchon, Jean François and Bayly, Christopher I.},
%     number = {2},
%     pages = {488--508},
%     volume = {47},
%     doi = {10.1021/ci600426e},
%     issn = {15499596},
%     pmid = {17288412}
% }

% @article{Rogers2010Extended-ConnectivityFingerprints,
%     title = {{Extended-Connectivity Fingerprints}},
%     year = {2010},
%     journal = {Journal of Chemical Information and Modeling},
%     author = {Rogers, David and Hahn, Mathew},
%     pages = {742--754},
%     volume = {50}
% }

% @article{Totrov2008FlexibleAlternative,
%     title = {{Flexible ligand docking to multiple receptor conformations: a practical alternative}},
%     year = {2008},
%     journal = {Current Opinion in Structural Biology},
%     author = {Totrov, Maxim and Abagyan, Ruben},
%     number = {2},
%     pages = {178--184},
%     volume = {18},
%     doi = {10.1016/j.sbi.2008.01.004},
%     issn = {0959440X},
%     pmid = {18302984}
% }

% @article{Bleicher2003HitScreening,
%     title = {{Hit and lead generation: Beyond high-throughput screening}},
%     year = {2003},
%     journal = {Nature Reviews Drug Discovery},
%     author = {Bleicher, Konrad H. and B{\"{o}}hm, Hans Joachim and M{\"{u}}ller, Klaus and Alanine, Alexander I.},
%     number = {5},
%     pages = {369--378},
%     volume = {2},
%     doi = {10.1038/nrd1086},
%     issn = {14741776},
%     pmid = {12750740}
% }

% @article{Du2016InsightsMethods,
%     title = {{Insights into protein–ligand interactions: Mechanisms, models, and methods}},
%     year = {2016},
%     journal = {International Journal of Molecular Sciences},
%     author = {Du, Xing and Li, Yi and Xia, Yuan Ling and Ai, Shi Meng and Liang, Jing and Sang, Peng and Ji, Xing Lai and Liu, Shu Qun},
%     number = {2},
%     pages = {1--34},
%     volume = {17},
%     doi = {10.3390/ijms17020144},
%     issn = {14220067},
%     pmid = {26821017},
%     keywords = {Binding driving forces, Binding mechanisms, Docking, Fluorescence polarization (FP), Free energy calculations, Isothermal titration calorimetry (ITC), Kinetics, Surface plasmon resonance (SPR), Thermodynamics}
% }

% @book{Baskin2020IntroductionRussian,
%     title = {{Introduction in chemoinformatics (in russian)}},
%     year = {2020},
%     author = {Baskin, Igor and Majitov, T and Warneck, A},
%     pages = {296}
% }

% @article{Berenger2021Lean-Docking:Docking,
%     title = {{Lean-Docking: Exploiting Ligands' Predicted Docking Scores to Accelerate Molecular Docking}},
%     year = {2021},
%     journal = {Journal of Chemical Information and Modeling},
%     author = {Berenger, Francois and Kumar, Ashutosh and Zhang, Kam Y.J. and Yamanishi, Yoshihiro},
%     number = {Dd},
%     doi = {10.1021/acs.jcim.0c01452},
%     issn = {15205142},
%     pmid = {33861591}
% }

% @book{Todeschini2007MethodsChemistry,
%     title = {{Methods and Principles in Medicinal Chemistry}},
%     year = {2007},
%     author = {Todeschini, Roberto and Consonni, Viviana},
%     pages = {438--438},
%     doi = {10.1002/9783527610907.scard}
% }

% @article{Pattanaik2020MolecularFingerprints,
%     title = {{Molecular Representation: Going Long on Fingerprints}},
%     year = {2020},
%     journal = {Chem},
%     author = {Pattanaik, Lagnajit and Coley, Connor W.},
%     number = {6},
%     pages = {1204--1207},
%     volume = {6},
%     publisher = {Elsevier Inc.},
%     url = {https://doi.org/10.1016/j.chempr.2020.05.002},
%     doi = {10.1016/j.chempr.2020.05.002},
%     issn = {24519294}
% }

% @article{OskJonsdottir2005PredictionCandidates,
%     title = {{Prediction methods and databases within chemoinformatics: Emphasis on drugs and drug candidates}},
%     year = {2005},
%     journal = {Bioinformatics},
%     author = {{\'{O}}sk J{\'{o}}nsd{\'{o}}ttir, Svava and J{\o}rgensen, Flemming Steen and Brunak, Søren},
%     number = {10},
%     pages = {2145--2160},
%     volume = {21},
%     doi = {10.1093/bioinformatics/bti314},
%     issn = {13674803},
%     pmid = {15713739}
% }

% @book{Golbraikh2017PredictiveAssessment,
%     title = {{Predictive QSAR modeling: Methods and applications in drug discovery and chemical risk assessment}},
%     year = {2017},
%     booktitle = {Handbook of Computational Chemistry},
%     author = {Golbraikh, Alexander and Wang, Xiang Simon and Zhu, Hao and Tropsha, Alexander},
%     pages = {2303--2340},
%     isbn = {9783319272825},
%     doi = {10.1007/978-3-319-27282-5{\_}37}
% }

% @article{Maveyraud2020ProteinDiscovery,
%     title = {{Protein X-ray crystallography and drug discovery}},
%     year = {2020},
%     journal = {Molecules},
%     author = {Maveyraud, Laurent and Mourey, Lionel},
%     number = {5},
%     volume = {25},
%     doi = {10.3390/molecules25051030},
%     issn = {14203049},
%     pmid = {32106588},
%     keywords = {Drug discovery, High resolution, Ligand screening, Protein-ligand complexes, Structure-based drug design, Therapeutic targets, Three-dimensional structures, X-ray crystallography}
% }

% @article{Cherkasov2014QSARTo,
%     title = {{QSAR modeling: Where have you been? Where are you going to?}},
%     year = {2014},
%     journal = {Journal of Medicinal Chemistry},
%     author = {Cherkasov, Artem and Muratov, Eugene N. and Fourches, Denis and Varnek, Alexandre and Baskin, Igor I. and Cronin, Mark and Dearden, John and Gramatica, Paola and Martin, Yvonne C. and Todeschini, Roberto and Consonni, Viviana and Kuz'Min, Victor E. and Cramer, Richard and Benigni, Romualdo and Yang, Chihae and Rathman, James and Terfloth, Lothar and Gasteiger, Johann and Richard, Ann and Tropsha, Alexander},
%     number = {12},
%     pages = {4977--5010},
%     volume = {57},
%     doi = {10.1021/jm4004285},
%     issn = {15204804},
%     pmid = {24351051}
% }

% @article{Debnath2005QuantitativeMillennium,
%     title = {{Quantitative Structure-Activity Relationship (QSAR) Paradigm - Hansch Era to New Millennium}},
%     year = {2005},
%     journal = {Mini-Reviews in Medicinal Chemistry},
%     author = {Debnath, Asim},
%     number = {2},
%     pages = {187--195},
%     volume = {1},
%     doi = {10.2174/1389557013407061},
%     issn = {13895575},
%     pmid = {12369983}
% }

% @misc{Landrum2010RDKit:Cheminformatics,
%     title = {{RDKit: Open-source cheminformatics}},
%     year = {2010},
%     author = {Landrum, G},
%     url = {http://www.rdkit.org}
% }

% @article{Polanski2009ReceptorInteractions,
%     title = {{Receptor Dependent Multidimensional QSAR for Modeling Drug - Receptor Interactions}},
%     year = {2009},
%     journal = {Current Medicinal Chemistry},
%     author = {Polanski, Jaroslaw},
%     number = {25},
%     pages = {3243--3257},
%     volume = {16},
%     doi = {10.2174/092986709788803286},
%     issn = {09298673},
%     pmid = {19548875},
%     keywords = {3, 7d-qsar, multidimensional qsar, receptor based drug design, receptor dependent qsar}
% }

% @article{Demchuk2011SAR/QSARPractice,
%     title = {{SAR/QSAR methods in public health practice}},
%     year = {2011},
%     journal = {Toxicology and Applied Pharmacology},
%     author = {Demchuk, Eugene and Ruiz, Patricia and Chou, Selene and Fowler, Bruce A.},
%     number = {2},
%     pages = {192--197},
%     volume = {254},
%     publisher = {Elsevier B.V.},
%     url = {http://dx.doi.org/10.1016/j.taap.2010.10.017},
%     doi = {10.1016/j.taap.2010.10.017},
%     issn = {0041008X},
%     pmid = {21034766},
%     keywords = {Computational toxicology, Modeling, Public health practice, SAR/QSAR, Structure-activity relationships}
% }

% @article{Weininger1989SMILES.Notation,
%     title = {{SMILES. 2. Algorithm for Generation of Unique SMILES Notation}},
%     year = {1989},
%     journal = {Journal of Chemical Information and Computer Sciences},
%     author = {Weininger, David and Weininger, Arthur and Weininger, Joseph L.},
%     number = {2},
%     pages = {97--101},
%     volume = {29},
%     isbn = {0022020600022},
%     doi = {10.1021/ci00062a008},
%     issn = {00952338}
% }

% @article{Pagadala2017SoftwareReview,
%     title = {{Software for molecular docking: a review}},
%     year = {2017},
%     journal = {Biophysical Reviews},
%     author = {Pagadala, Nataraj S. and Syed, Khajamohiddin and Tuszynski, Jack},
%     number = {2},
%     pages = {91--102},
%     volume = {9},
%     publisher = {Biophysical Reviews},
%     url = {http://dx.doi.org/10.1007/s12551-016-0247-1},
%     doi = {10.1007/s12551-016-0247-1},
%     issn = {18672469},
%     keywords = {Docking accuracy, Flexible docking, Rigid body docking}
% }

% @techreport{Martin2021StateFingerprints,
%     title = {{State of the art iterative docking with logistic regression and Morgan fingerprints}},
%     year = {2021},
%     author = {Martin, Lewis J},
%     url = {https://chemrxiv.org/articles/preprint/State_of_the_Art_Iterative_Docking_with_Logistic_Regression_and_Morgan_Fingerprints/14348117},
%     institution = {The University of Sydney, Brain and Mind Centre, The Lambert Initiative for Cannabinoid Therapeutics},
%     address = {Sydney, NSW, Australia},
%     doi = {https://doi.org/10.26434/chemrxiv.14348117.v1}
% }

% @article{Cheng2012Structure-basedReview,
%     title = {{Structure-based virtual screening for drug discovery: A problem-centric review}},
%     year = {2012},
%     journal = {AAPS Journal},
%     author = {Cheng, Tiejun and Li, Qingliang and Zhou, Zhigang and Wang, Yanli and Bryant, Stephen H.},
%     number = {1},
%     pages = {133--141},
%     volume = {14},
%     doi = {10.1208/s12248-012-9322-0},
%     issn = {15507416},
%     pmid = {22281989},
%     keywords = {docking, machine learning, structure-based virtual scoring, target-biased scoring function}
% }

% @article{Lionta2014Structure-BasedAdvances,
%     title = {{Structure-Based Virtual Screening for Drug Discovery: Principles, Applications and Recent Advances}},
%     year = {2014},
%     journal = {Current Topics in Medicinal Chemistry},
%     author = {Lionta, Evanthia and Spyrou, George and Vassilatis, Demetrios and Cournia, Zoe},
%     number = {16},
%     pages = {1923--1938},
%     volume = {14},
%     doi = {10.2174/1568026614666140929124445},
%     issn = {15680266},
%     pmid = {25262799},
%     keywords = {computer-aided drug design, docking and scoring, ensemble docking, lead optimization, library design, pi3k, rxr, virtual screening}
% }

% @article{Sadybekov2020Structure-basedGpcr,
%     title = {{Structure-based virtual screening of ultra-large library yields potent antagonists for a lipid gpcr}},
%     year = {2020},
%     journal = {Biomolecules},
%     author = {Sadybekov, Arman A. and Brouillette, Rebecca L. and Marin, Egor and Sadybekov, Anastasiia V. and Luginina, Aleksandra and Gusach, Anastasiia and Mishin, Alexey and Besserer-Offroy, Élie and Longpr{\'{e}}, Jean Michel and Borshchevskiy, Valentin and Cherezov, Vadim and Sarret, Philippe and Katritch, Vsevolod},
%     number = {12},
%     pages = {1--15},
%     volume = {10},
%     doi = {10.3390/biom10121634},
%     issn = {2218273X},
%     pmid = {33287369},
%     keywords = {Asthma, CysLT receptors, Cysteinyl leukotriene, GPCR, Structure-based lead discovery, Uveal melanoma, Virtual ligand screening}
% }

% @article{Bohacek1996ThePerspective,
%     title = {{The art and practice of structure‐based drug design: A molecular modeling perspective}},
%     year = {1996},
%     journal = {Medicinal Research Reviews},
%     author = {Bohacek, Regine S. and McMartin, Colin and Guida, Wayne C.},
%     number = {1},
%     pages = {3--50},
%     volume = {16},
%     doi = {10.1002/(sici)1098-1128(199601)16:1<3::aid-med1>3.3.co;2-d},
%     issn = {01986325}
% }

% @article{Dalke2019TheProject,
%     title = {{The chemfp project}},
%     year = {2019},
%     journal = {Journal of Cheminformatics},
%     author = {Dalke, Andrew},
%     number = {1},
%     pages = {1--21},
%     volume = {11},
%     publisher = {Springer International Publishing},
%     url = {https://doi.org/10.1186/s13321-019-0398-8},
%     doi = {10.1186/s13321-019-0398-8},
%     issn = {17582946},
%     keywords = {FOSS, Format, High-performance, Molecular fingerprints, Open source, Performance benchmark, Similarity searching, Tanimoto}
% }

% @article{Jorgensen2004TheDiscovery,
%     title = {{The Many Roles of Computation in Drug Discovery}},
%     year = {2004},
%     journal = {Science},
%     author = {Jorgensen, William L.},
%     number = {5665},
%     pages = {1813--1818},
%     volume = {303},
%     doi = {10.1126/science.1096361},
%     issn = {00368075},
%     pmid = {15031495}
% }

% @article{Luxminarayan2019TheProcess,
%     title = {{The Stages of Drug Discovery and Development Process}},
%     year = {2019},
%     journal = {Asian Journal of Pharmaceutical Research and Development},
%     author = {Luxminarayan, Lodha and Neha, Sharma and Amit, Viswas and Khinchi, M.P.},
%     number = {6},
%     pages = {62--67},
%     volume = {7},
%     isbn = {8094354283},
%     keywords = {capecitabine, colon targeting, colorectal, eudragit rl-100, eudragit rs-100, microspheres, time dependent}
% }

% @article{Gilson1997TheReview,
%     title = {{The statistical-thermodynamic basis for computation of binding affinities: A critical review}},
%     year = {1997},
%     journal = {Biophysical Journal},
%     author = {Gilson, Michael K. and Given, James A. and Bush, Bruce L. and McCammon, J. Andrew},
%     number = {3},
%     pages = {1047--1069},
%     volume = {72},
%     publisher = {Elsevier},
%     url = {http://dx.doi.org/10.1016/S0006-3495(97)78756-3},
%     doi = {10.1016/S0006-3495(97)78756-3},
%     issn = {00063495},
%     pmid = {9138555}
% }

% @article{Lyu2019Ultra-largeChemotypes,
%     title = {{Ultra-large library docking for discovering new chemotypes}},
%     year = {2019},
%     journal = {Nature},
%     author = {Lyu, Jiankun and Wang, Sheng and Balius, Trent E. and Singh, Isha and Levit, Anat and Moroz, Yurii S. and O’Meara, Matthew J. and Che, Tao and Algaa, Enkhjargal and Tolmachova, Kateryna and Tolmachev, Andrey A. and Shoichet, Brian K. and Roth, Bryan L. and Irwin, John J.},
%     number = {7743},
%     pages = {224--229},
%     volume = {566},
%     publisher = {Springer US},
%     url = {http://dx.doi.org/10.1038/s41586-019-0917-9},
%     doi = {10.1038/s41586-019-0917-9},
%     issn = {14764687},
%     pmid = {30728502}
% }

% @article{VanHilten2019VirtualDiscovery,
%     title = {{Virtual Compound Libraries in Computer-Assisted Drug Discovery}},
%     year = {2019},
%     journal = {Journal of Chemical Information and Modeling},
%     author = {Van Hilten, Niek and Chevillard, Florent and Kolb, Peter},
%     number = {2},
%     pages = {644--651},
%     volume = {59},
%     publisher = {American Chemical Society},
%     doi = {10.1021/acs.jcim.8b00737},
%     issn = {15205142},
%     pmid = {30624918}
% }

% @article{Stein2020VirtualRhythms,
%     title = {{Virtual discovery of melatonin receptor ligands to modulate circadian rhythms}},
%     year = {2020},
%     journal = {Nature},
%     author = {Stein, Reed M. and Kang, Hye Jin and McCorvy, John D. and Glatfelter, Grant C. and Jones, Anthony J. and Che, Tao and Slocum, Samuel and Huang, Xi Ping and Savych, Olena and Moroz, Yurii S. and Stauch, Benjamin and Johansson, Linda C. and Cherezov, Vadim and Kenakin, Terry and Irwin, John J. and Shoichet, Brian K. and Roth, Bryan L. and Dubocovich, Margarita L.},
%     number = {7800},
%     pages = {609--614},
%     volume = {579},
%     publisher = {Springer US},
%     url = {http://dx.doi.org/10.1038/s41586-020-2027-0},
%     doi = {10.1038/s41586-020-2027-0},
%     issn = {14764687},
%     pmid = {32040955}
% }

% @article{McInnes2007VirtualDiscovery,
%     title = {{Virtual screening strategies in drug discovery}},
%     year = {2007},
%     journal = {Current Opinion in Chemical Biology},
%     author = {McInnes, Campbell},
%     number = {5},
%     pages = {494--502},
%     volume = {11},
%     doi = {10.1016/j.cbpa.2007.08.033},
%     issn = {13675931},
%     pmid = {17936059}
% }

% @article{Sterling2015ZINCEveryone,
%     title = {{ZINC 15 - Ligand Discovery for Everyone}},
%     year = {2015},
%     journal = {Journal of Chemical Information and Modeling},
%     author = {Sterling, Teague and Irwin, John J.},
%     number = {11},
%     pages = {2324--2337},
%     volume = {55},
%     doi = {10.1021/acs.jcim.5b00559},
%     issn = {15205142},
%     pmid = {26479676}
% }

% @article{Irwin2020ZINC20Discovery,
%     title = {{ZINC20 - A Free Ultralarge-Scale Chemical Database for Ligand Discovery}},
%     year = {2020},
%     journal = {Journal of Chemical Information and Modeling},
%     author = {Irwin, John J. and Tang, Khanh G. and Young, Jennifer and Dandarchuluun, Chinzorig and Wong, Benjamin R. and Khurelbaatar, Munkhzul and Moroz, Yurii S. and Mayfield, John and Sayle, Roger A.},
%     number = {12},
%     pages = {6065--6073},
%     volume = {60},
%     doi = {10.1021/acs.jcim.0c00675},
%     issn = {15205142},
%     pmid = {33118813}
% }

% @article{20121962Group,
%     title = {{{\textcopyright} 1962 Nature Publishing Group}},
%     year = {1962},
%     journal = {Nature International Journal of Science},
%     author = {(2012), Tao et al.},
%     pages = {1048--1050},
%     volume = {196}
% }

% @article{Hansch1964--Structure,
%     title = {{{$\rho$}-{$\sigma$}-{$\pi$} Analysis. A Method for the Correlation of Biological Activity and Chemical Structure}},
%     year = {1964},
%     journal = {Journal of the American Chemical Society},
%     author = {Hansch, Corwin and Fujita, Toshio},
%     number = {8},
%     pages = {1616--1626},
%     volume = {86},
%     doi = {10.1021/ja01062a035},
%     issn = {15205126}
% }